<?xml version="1.0" encoding="UTF-8"?>
<collection xmlns:xsi="http://www.w3.org/2001/XMLSchema-instance" xsi:schemaLocation="http://www.loc.gov/MARC21/slim http://www.loc.gov/standards/marcxml/schema/MARC21slim.xsd" xmlns="http://www.loc.gov/MARC21/slim">
<record>
  <leader>00867cam a22002291a 4500</leader>
  <controlfield tag="001">2981831</controlfield>
  <controlfield tag="003">NNC</controlfield>
  <controlfield tag="005">20151221160416.0</controlfield>
  <controlfield tag="008">990129s1944    ua            000 0 ara d</controlfield>
  <datafield tag="035" ind1=" " ind2=" ">
    <subfield code="a">(OCoLC)ocm40703753</subfield>
  </datafield>
  <datafield tag="035" ind1=" " ind2=" ">
    <subfield code="9">ASM8966CU</subfield>
  </datafield>
  <datafield tag="035" ind1=" " ind2=" ">
    <subfield code="a">(NNC)2981831</subfield>
  </datafield>
  <datafield tag="040" ind1=" " ind2=" ">
    <subfield code="a">CUD</subfield>
    <subfield code="c">CUD</subfield>
    <subfield code="d">OCL</subfield>
    <subfield code="d">ZCU</subfield>
  </datafield>
  <datafield tag="090" ind1=" " ind2=" ">
    <subfield code="a">PJ7750.A25</subfield>
    <subfield code="b">R6 1944</subfield>
  </datafield>
  <datafield tag="100" ind1="0" ind2=" ">
    <subfield code="a">Abū al-ʻAlāʼ al-Maʻarrī,</subfield>
    <subfield code="d">973-1057.</subfield>
  </datafield>
  <datafield tag="245" ind1="1" ind2="0">
    <subfield code="a">Risālat ʾal-Hanāʾ /</subfield>
    <subfield code="c">lil-s︠h︡āʻir ʾal-faylasūf ʾAbī ʾal-ʻAlāʾ ʾal-Maʻarrī ; s︠h︡arḥ wa-taḥqīq Kāmil Kīlānī.</subfield>
  </datafield>
  <datafield tag="250" ind1=" " ind2=" ">
    <subfield code="a">ʾal-Ṭabʻah 1</subfield>
  </datafield>
  <datafield tag="260" ind1=" " ind2=" ">
    <subfield code="a">ʾal-Qāhirah :</subfield>
    <subfield code="b">Dār ʾal-Kutub ʾal-ʾAhlīyah</subfield>
    <subfield code="f">(Maṭbaʻat ʾal-ʾIʻtimād),</subfield>
    <subfield code="c">1944.</subfield>
  </datafield>
  <datafield tag="300" ind1=" " ind2=" ">
    <subfield code="c">21 cm.</subfield>
  </datafield>
  <datafield tag="505" ind1="0" ind2=" ">
    <subfield code="a">Part 1: Nuṣūs wa-dirāsāt. Part 2: ʾal-Naṣṣ ʾal-kāmil.</subfield>
  </datafield>
  <datafield tag="700" ind1="1" ind2=" ">
    <subfield code="a">Kīlānī, Kāmil,</subfield>
    <subfield code="d">1897-1959.</subfield>
  </datafield>
  <datafield tag="955" ind1=" " ind2=" ">
    <subfield code="b">0040420361</subfield>
    <subfield code="d">glx</subfield>
    <subfield code="e">PJ7750.A25 R6 1944</subfield>
    <subfield code="v">pt.1</subfield>
  </datafield>
</record>
</collection>